<record><leader>00000cas a22000007a 4500</leader><controlfield tag="001">11329591</controlfield><controlfield tag="008">841031d19131921inuwr n       0    0eng d</controlfield><datafield ind1=" " ind2=" " tag="010"><subfield code="a">sn 84045424 </subfield></datafield><datafield ind1=" " ind2=" " tag="040"><subfield code="a">NPI</subfield><subfield code="b">eng</subfield><subfield code="c">NPI</subfield><subfield code="d">P4I</subfield><subfield code="d">OCLCQ</subfield><subfield code="d">OCLCF</subfield><subfield code="d">OCLCO</subfield></datafield><datafield ind1=" " ind2=" " tag="042"><subfield code="a">msc</subfield></datafield><datafield ind1="0" ind2=" " tag="130"><subfield code="a">Herald-Democrat (Greencastle, Ind.)</subfield></datafield><datafield ind1="1" ind2="0" tag="245"><subfield code="a">Herald-Democrat.</subfield></datafield><datafield ind1=" " ind2=" " tag="260"><subfield code="a">Greencastle, Ind. :</subfield><subfield code="b">C.J. Arnold,</subfield><subfield code="c">1913-1921.</subfield></datafield><datafield ind1=" " ind2=" " tag="310"><subfield code="a">Weekly</subfield></datafield><datafield ind1="0" ind2=" " tag="362"><subfield code="a">New ser. v. 7, no. 13 (Apr. 4, 1913)-Dec. 30, 1921.</subfield></datafield><datafield ind1=" " ind2=" " tag="515"><subfield code="a">Numbering is discontinued with new ser., v. 9, no. 3 (Jan. 22, 1915).</subfield></datafield><datafield ind1=" " ind2=" " tag="580"><subfield code="a">Daily ed. : Greencastle herald.</subfield></datafield><datafield ind1=" " ind2="0" tag="650"><subfield code="a">Periodicals.</subfield></datafield><datafield ind1=" " ind2="7" tag="650"><subfield code="a">Periodicals.</subfield><subfield code="2">fast</subfield><subfield code="0">(OCoLC)fst01058072</subfield></datafield><datafield ind1=" " ind2=" " tag="752"><subfield code="a">United States</subfield><subfield code="b">Indiana</subfield><subfield code="c">Putnam</subfield><subfield code="d">Greencastle.</subfield></datafield><datafield ind1="1" ind2=" " tag="775"><subfield code="t">Greencastle herald</subfield><subfield code="w">(DLC)sn 86059222</subfield></datafield><datafield ind1="1" ind2="0" tag="780"><subfield code="t">Star-Democrat</subfield><subfield code="w">(DLC)sn 86059225</subfield></datafield></record>